@article{bi2022pangu,
  title={Pangu-weather: A 3d high-resolution model for fast and accurate global weather forecast},
  author={Bi, Kaifeng and Xie, Lingxi and Zhang, Hengheng and Chen, Xin and Gu, Xiaotao and Tian, Qi},
  journal={arXiv preprint arXiv:2211.02556},
  year={2022}
}

@inproceedings{bonev2023spherical,
  title={Spherical fourier neural operators: Learning stable dynamics on the sphere},
  author={Bonev, Boris and Kurth, Thorsten and Hundt, Christian and Pathak, Jaideep and Baust, Maximilian and Kashinath, Karthik and Anandkumar, Anima},
  booktitle={International conference on machine learning},
  pages={2806--2823},
  year={2023},
  organization={PMLR}
}


@article{cheon2024karina,
  title={Karina: An efficient deep learning model for global weather forecast},
  author={Cheon, Minjong and Choi, Yo-Hwan and Kang, Seon-Yu and Choi, Yumi and Lee, Jeong-Gil and Kang, Daehyun},
  journal={arXiv preprint arXiv:2403.10555},
  year={2024}
}

@book{fletcher2019semi,
  title={Semi-{Lagrangian} advection methods and their applications in geoscience},
  author={Fletcher, Steven J},
  year={2019},
  publisher={Elsevier}
}

@article{glahn1964application,
  title={An application of adaptive logic to meteorological prediction},
  author={Glahn, HR},
  journal={Journal of Applied Meteorology (1962-1982)},
  pages={718--725},
  year={1964},
  publisher={JSTOR}
}


@article{hersbach2020era5,
  title={The {ERA5} global reanalysis},
  author={Hersbach, Hans and Bell, Bill and Berrisford, Paul and Hirahara, Shoji and Hor{\'a}nyi, Andr{\'a}s and Mu{\~n}oz-Sabater, Joaqu{\'\i}n and Nicolas, Julien and Peubey, Carole and Radu, Raluca and Schepers, Dinand and others},
  journal={Quarterly Journal of the Royal Meteorological Society},
  volume={146},
  number={730},
  pages={1999--2049},
  year={2020},
  publisher={Wiley Online Library}
}

@article{kochkov2023neural,
  title={Neural general circulation models},
  author={Kochkov, Dmitrii and Yuval, Janni and Langmore, Ian and Norgaard, Peter and Smith, Jamie A and Mooers, Griffin and Lottes, James and Rasp, Stephan and D{\"u}ben, Peter D and Kl{\"o}wer, Milan and others},
  journal={CoRR},
  year={2023}
}

@article{krasnopolsky2005new,
  title={New approach to calculation of atmospheric model physics: Accurate and fast neural network emulation of longwave radiation in a climate model},
  author={Krasnopolsky, Vladimir M and Fox-Rabinovitz, Michael S and Chalikov, Dmitry V},
  journal={Monthly Weather Review},
  volume={133},
  number={5},
  pages={1370--1383},
  year={2005}
}



@article{lam2023learning,
  title={Learning skillful medium-range global weather forecasting},
  author={Lam, Remi and Sanchez-Gonzalez, Alvaro and Willson, Matthew and Wirnsberger, Peter and Fortunato, Meire and Alet, Ferran and Ravuri, Suman and Ewalds, Timo and Eaton-Rosen, Zach and Hu, Weihua and others},
  journal={Science},
  volume={382},
  number={6677},
  pages={1416--1421},
  year={2023},
  publisher={American Association for the Advancement of Science}
}


@inproceedings{
liu2024kan,
title={{KAN}: Kolmogorov{\textendash}Arnold Networks},
author={Liu, Ziming and Wang, Yixuan and Vaidya, Sachin and Ruehle, Fabian and Halverson, James and Solja{\v{c}}i{\'c}, Marin and Hou, Thomas Y and Tegmark, Max},
booktitle={Submitted to The Thirteenth International Conference on Learning Representations},
year={2024},
url={https://openreview.net/forum?id=Ozo7qJ5vZi},
note={under review}
}

@article{mcdonald1984accuracy,
  title={Accuracy of multiply-upstream, semi-Lagrangian advective schemes},
  author={McDonald, A},
  journal={Monthly Weather Review},
  volume={112},
  number={6},
  pages={1267--1275},
  year={1984},
  publisher={American Meteorological Society}
}

@article{mcdonald1989semi,
  title={Semi-Lagrangian integration of a gridpoint shallow water model on the sphere},
  author={McDonald, A and Bates, JR},
  journal={Monthly Weather Review},
  volume={117},
  number={1},
  pages={130--137},
  year={1989},
  publisher={American Meteorological Society}
}


@article{monahan2000nonlinear,
  title={Nonlinear principal component analysis by neural networks: Theory and application to the Lorenz system},
  author={Monahan, Adam H},
  journal={Journal of Climate},
  volume={13},
  number={4},
  pages={821--835},
  year={2000},
  publisher={American Meteorological Society}
}


@article{pathak2022fourcastnet,
  title={Fourcastnet: A global data-driven high-resolution weather model using adaptive fourier neural operators},
  author={Pathak, Jaideep and Subramanian, Shashank and Harrington, Peter and Raja, Sanjeev and Chattopadhyay, Ashesh and Mardani, Morteza and Kurth, Thorsten and Hall, David and Li, Zongyi and Azizzadenesheli, Kamyar and others},
  journal={arXiv preprint arXiv:2202.11214},
  year={2022}
}

@article{price2025probabilistic,
  title={Probabilistic weather forecasting with machine learning},
  author={Price, Ilan and Sanchez-Gonzalez, Alvaro and Alet, Ferran and Andersson, Tom R and El-Kadi, Andrew and Masters, Dominic and Ewalds, Timo and Stott, Jacklynn and Mohamed, Shakir and Battaglia, Peter and others},
  journal={Nature},
  volume={637},
  number={8044},
  pages={84--90},
  year={2025},
  publisher={Nature Publishing Group}
}

@article{rasp2024weatherbench,
  title={WeatherBench 2: A benchmark for the next generation of data-driven global weather models},
  author={Rasp, Stephan and Hoyer, Stephan and Merose, Alexander and Langmore, Ian and Battaglia, Peter and Russell, Tyler and Sanchez-Gonzalez, Alvaro and Yang, Vivian and Carver, Rob and Agrawal, Shreya and others},
  journal={Journal of Advances in Modeling Earth Systems},
  volume={16},
  number={6},
  pages={e2023MS004019},
  year={2024},
  publisher={Wiley Online Library}
}

@book{richardson1922weather,
  title={Weather prediction by numerical process},
  author={Richardson, Lewis F},
  year={1922},
  publisher={University Press}
}

@article{ritchie1987semi,
  title={Semi-Lagrangian advection on a Gaussian grid},
  author={Ritchie, Harold},
  journal={Monthly Weather Review},
  volume={115},
  number={2},
  pages={608--619},
  year={1987}
}

@article{robert1981stable,
  title={A stable numerical integration scheme for the primitive meteorological equations},
  author={Robert, Andr{\'e}},
  journal={Atmosphere-Ocean},
  volume={19},
  number={1},
  pages={35--46},
  year={1981},
  publisher={Taylor \& Francis}
}

@article{verma2024climode,
  title={Climode: Climate and weather forecasting with physics-informed neural odes},
  author={Verma, Yogesh and Heinonen, Markus and Garg, Vikas},
  journal={arXiv preprint arXiv:2404.10024},
  year={2024}
}

@article{weyn2020improving,
  title={Improving data-driven global weather prediction using deep convolutional neural networks on a cubed sphere},
  author={Weyn, Jonathan A and Durran, Dale R and Caruana, Rich},
  journal={Journal of Advances in Modeling Earth Systems},
  volume={12},
  number={9},
  pages={e2020MS002109},
  year={2020},
  publisher={Wiley Online Library}
}


@article{xu2024extremecast,
  title={Extremecast: Boosting extreme value prediction for global weather forecast},
  author={Xu, Wanghan and Chen, Kang and Han, Tao and Chen, Hao and Ouyang, Wanli and Bai, Lei},
  journal={arXiv preprint arXiv:2402.01295},
  year={2024}
}


@article{zakariaei2024advection,
  title={Advection Augmented Convolutional Neural Networks},
  author={Zakariaei, Niloufar and Rout, Siddharth and Haber, Eldad and Eliasof, Moshe},
  journal={arXiv preprint arXiv:2406.19253},
  year={2024}
}


@misc{wald_basics_2019,
	title = {Basics in solar radiation at {Earth} surface v2},
	url = {https://hal.science/hal-02175988},
	urldate = {2023-12-14},
	author = {Wald, Lucien},
	month = jul,
	year = {2019},
	annote = {working paper or preprint}
}
